@book{Dicionario:Aurelio,
	address={Curitiba},
	author={Aurelio Buarque de Holanda Ferreira},
	publisher={Editora Positivo},
	edition={5},
	title={Dicionário Aurélio da Língua Portuguesa},
	year={2010}}

@article{StackOverflow:DeveloperSurvey2016,
	organization={Stack Overflow},
	title={Stack Overflow Developer Survey 2016 Results},
	url={https://stackoverflow.com/research/developer-survey-2016},
	urlaccessdate={10 out. 2016},
	year={2016}}

@article{EBusiness:ManifestoAgil,
	organization={e-Business},
	title={Entendendo o Manifesto Ágil},
	url={http://www.ebusinessconsultoria.com.br/infonews/entendendo-o-manifesto-agil},
	urlaccessdate={10 out. 2016},
	year={2015}}

@article{Amazon:Lambda,
	organization={Amazon},
	title={AWS Lambda, Detalhes do produto},
	url={https://aws.amazon.com/pt/lambda/details/},
	urlaccessdate={17 out. 2016},
	year={2016}}

@article{RedHat:OpenShift,
	organization={Red Hat},
	title={Open Shift Features},
	url={https://www.openshift.com/features/},
	urlaccessdate={17 out. 2016},
	year={2016}}

@article{Oracle:DevOps,
	organization={Oracle},
	title={Oracle Developer Cloud Service},
	url={https://cloud.oracle.com/en_US/opc/developer-service/features},
	urlaccessdate={17 out. 2016},
	year={2016}}

@article{ABES:Pesquisa,
	organization={ABES},
	title={Mercado Brasileiro de Software: panorama e
	tendências},
	url={http://central.abessoftware.com.br/Content/UploadedFiles/Arquivos/Dados%202011/ABES-Publicacao-Mercado-2016.pdf},
	urlaccessdate={17 out. 2016},
	year={2016}}

@book{Oliveira:AbordagemGerencial,
	author={Djalma de Pinho Rebouças de Oliveira},
	title={Sistemas, Organização e Métodos: uma abordagem gerencial},
	address={São Paulo},
	edition={16},
	publisher={Atlas},
	year={2006}}
	
@article{XP:EstudoCaso,
	author={Vinícius Manhães Teles and Carlo Emmmanoel Tolla de Oliveira},
	organization={IM-NCE/UFRJ},
	title={Um Estudo de Caso da Adoão das Práticas
	e Valores de Extreme Programming},
	pages={181},
	address={Rio de Janeiro},
	url={http://www.desenvolvimentoagil.com.br/xp/dissertacaoXP.pdf},
	year={2005}}

@book{Caelum:ArquiteturaJava,
	author={Paulo Silveira and others},
	title={Introdução à Arquitetura e Design de Software},
	subtitle={Uma Visão Sobre a Plataforma Java},
	publisher={Elsevier},
	year={2011}}

@book{Flavia:AnaliseSistemas,
	author={Flavia Reisswitz},
	title={Análise de Sistemas},
	volume={7},
	subtitle={Qualidade de Software},
	year={2013}
}